@book{Joel,
  title={Data Science do Zero},
  author={Joel Grus},
  volume={1},
  year={2015},
  page={69}
}

@webpage{repository, 
    title ={Reposit√≥rio:\url{https://github.com/lucianobajr/Practical-Works-Computer-Organization/tree/master/TP1/grafics}}
},

@online{CPUcompA,
title ={Resultado de CPU computadorA:\url{https://browser.geekbench.com/v5/cpu/3706488}}
},

@online{CPUcompB,
title ={Resultado de CPU computadorB:\url{https://browser.geekbench.com/v5/cpu/3848899}}
},